<marcxml:record xmlns:marcxml="http://www.loc.gov/MARC21/slim" xmlns:idx="info:lc/xq-modules/lcindex" xmlns:madsrdf="http://www.loc.gov/mads/rdf/v1#" xmlns:ri="http://id.loc.gov/ontologies/RecordInfo#" xmlns:xlink="http://www.w3.org/1999/xlink" xmlns:rdf="http://www.w3.org/1999/02/22-rdf-syntax-ns#" xmlns:mets="http://www.loc.gov/METS/" xmlns:semtriples="http://marklogic.com/semantic" xmlns:xsi="http://www.w3.org/2001/XMLSchema-instance" xmlns:streams="info:lc/streams#">
            <marcxml:leader>01105cz  a2200277n  4500</marcxml:leader>
            <marcxml:controlfield tag="001">n85119541</marcxml:controlfield>
            <marcxml:controlfield tag="003">DLC</marcxml:controlfield>
            <marcxml:controlfield tag="005">20170406073915.0</marcxml:controlfield>
            <marcxml:controlfield tag="008">850603n| azannaabn          |a aaa      </marcxml:controlfield>
            <marcxml:datafield tag="010" ind1=" " ind2=" ">
              <marcxml:subfield code="a">n  85119541 </marcxml:subfield>
            </marcxml:datafield>
            <marcxml:datafield tag="035" ind1=" " ind2=" ">
              <marcxml:subfield code="a">(OCoLC)oca01343017</marcxml:subfield>
            </marcxml:datafield>
            <marcxml:datafield tag="040" ind1=" " ind2=" ">
              <marcxml:subfield code="a">DLC</marcxml:subfield>
              <marcxml:subfield code="b">eng</marcxml:subfield>
              <marcxml:subfield code="e">rda</marcxml:subfield>
              <marcxml:subfield code="c">DLC</marcxml:subfield>
              <marcxml:subfield code="d">DLC</marcxml:subfield>
              <marcxml:subfield code="d">RPB</marcxml:subfield>
              <marcxml:subfield code="d">DLC</marcxml:subfield>
              <marcxml:subfield code="d">P</marcxml:subfield>
            </marcxml:datafield>
            <marcxml:datafield tag="046" ind1=" " ind2=" ">
              <marcxml:subfield code="f">1742</marcxml:subfield>
              <marcxml:subfield code="g">1823</marcxml:subfield>
            </marcxml:datafield>
            <marcxml:datafield tag="100" ind1="0" ind2=" ">
              <marcxml:subfield code="a">Pius</marcxml:subfield>
              <marcxml:subfield code="b">VII,</marcxml:subfield>
              <marcxml:subfield code="c">Pope,</marcxml:subfield>
              <marcxml:subfield code="d">1742-1823</marcxml:subfield>
            </marcxml:datafield>
            <marcxml:datafield tag="368" ind1=" " ind2=" ">
              <marcxml:subfield code="d">Pope</marcxml:subfield>
            </marcxml:datafield>
            <marcxml:datafield tag="400" ind1="1" ind2=" ">
              <marcxml:subfield code="a">Chiaramonti, Barnaba,</marcxml:subfield>
              <marcxml:subfield code="d">1742-1823</marcxml:subfield>
            </marcxml:datafield>
            <marcxml:datafield tag="400" ind1="1" ind2=" ">
              <marcxml:subfield code="a">Chiaramonti, Gregorio,</marcxml:subfield>
              <marcxml:subfield code="d">1742-1823</marcxml:subfield>
            </marcxml:datafield>
            <marcxml:datafield tag="400" ind1="0" ind2=" ">
              <marcxml:subfield code="a">Pie</marcxml:subfield>
              <marcxml:subfield code="b">VII,</marcxml:subfield>
              <marcxml:subfield code="c">Pope,</marcxml:subfield>
              <marcxml:subfield code="d">1742-1823</marcxml:subfield>
            </marcxml:datafield>
            <marcxml:datafield tag="400" ind1="0" ind2=" ">
              <marcxml:subfield code="a">Pío</marcxml:subfield>
              <marcxml:subfield code="b">VII,</marcxml:subfield>
              <marcxml:subfield code="c">Pope,</marcxml:subfield>
              <marcxml:subfield code="d">1742-1823</marcxml:subfield>
            </marcxml:datafield>
            <marcxml:datafield tag="510" ind1="2" ind2=" ">
              <marcxml:subfield code="a">Catholic Church.</marcxml:subfield>
              <marcxml:subfield code="b">Pope (1800-1823 : Pius VII)</marcxml:subfield>
            </marcxml:datafield>
            <marcxml:datafield tag="670" ind1=" " ind2=" ">
              <marcxml:subfield code="a">O'Dwyer, M.M. The papacy in the age of Napoleon ... c1985:</marcxml:subfield>
              <marcxml:subfield code="b">CIP t.p. (Pius VII) galley (Gregorio Chiaramonti; Barnaba; b. 8/14/1742)</marcxml:subfield>
            </marcxml:datafield>
            <marcxml:datafield tag="670" ind1=" " ind2=" ">
              <marcxml:subfield code="a">New Cath. encyclopedia, c1967</marcxml:subfield>
              <marcxml:subfield code="b">(Barnaba Chiaramonti; d. 8/20/1823; pontificate, 1800-1823)</marcxml:subfield>
            </marcxml:datafield>
            <marcxml:datafield tag="670" ind1=" " ind2=" ">
              <marcxml:subfield code="a">LC data base, 5/30/85</marcxml:subfield>
              <marcxml:subfield code="b">(hdg.: Pius VII, Pope, 1742-1823)</marcxml:subfield>
            </marcxml:datafield>
            <marcxml:datafield tag="670" ind1=" " ind2=" ">
              <marcxml:subfield code="a">Leturia, P. La acción diplomática de Bolívar ante Pío VII, 1984.</marcxml:subfield>
            </marcxml:datafield>
            <marcxml:datafield tag="670" ind1=" " ind2=" ">
              <marcxml:subfield code="a">Proclamation de Sa Sainteté Pie VII, 1814.</marcxml:subfield>
            </marcxml:datafield>
          </marcxml:record>
